@article{van2008enforced,
  title={Enforced expression of GATA3 allows differentiation of IL-17-producing cells, but constrains Th17-mediated pathology},
  author={van Hamburg, Jan Piet and De Bruijn, Marjolein JW and de Almeida, Claudia Ribeiro and van Zwam, Marloes and van Meurs, Marjan and de Haas, Edwin and Boon, Louis and Samsom, Janneke N and Hendriks, Rudi W},
  journal={European journal of immunology},
  volume={38},
  number={9},
  pages={2573--2586},
  year={2008},
  publisher={Wiley Online Library}
}

@article{zheng1997transcription,
  title={The transcription factor GATA-3 is necessary and sufficient for Th2 cytokine gene expression in CD4 T cells},
  author={Zheng, Wei-ping and Flavell, Richard A},
  journal={Cell},
  volume={89},
  number={4},
  pages={587--596},
  year={1997},
  publisher={Elsevier}
}

@article{ruan2010roles,
  title={Roles of Bcl-3 in the pathogenesis of murine type 1 diabetes},
  author={Ruan, Qingguo and Zheng, Shi-Jun and Palmer, Scott and Carmody, Ruaidhri J and Chen, Youhai H},
  journal={Diabetes},
  volume={59},
  number={10},
  pages={2549--2557},
  year={2010},
  publisher={Am Diabetes Assoc}
}

@article{richard1999interleukin,
  title={Interleukin-9 regulates NF-$\kappa$B activity through BCL3 gene induction},
  author={Richard, M{\'e}lisande and Louahed, Jamila and Demoulin, Jean-Baptiste and Renauld, Jean-Christophe},
  journal={Blood},
  volume={93},
  number={12},
  pages={4318--4327},
  year={1999},
  publisher={Am Soc Hematology}
}

@article{beriou2010tgf,
  title={TGF-$\beta$ induces IL-9 production from human Th17 cells},
  author={Beriou, Ga{\"e}lle and Bradshaw, Elizabeth M and Lozano, Ester and Costantino, Cristina M and Hastings, William D and Orban, Tihamer and Elyaman, Wassim and Khoury, Samia J and Kuchroo, Vijay K and Baecher-Allan, Clare and others},
  journal={The Journal of Immunology},
  volume={185},
  number={1},
  pages={46--54},
  year={2010},
  publisher={Am Assoc Immnol}
}

@article{yang2008t,
  title={T helper 17 lineage differentiation is programmed by orphan nuclear receptors ROR$\alpha$ and ROR$\gamma$},
  author={Yang, Xuexian O and Pappu, Bhanu P and Nurieva, Roza and Akimzhanov, Askar and Kang, Hong Soon and Chung, Yeonseok and Ma, Li and Shah, Bhavin and Panopoulos, Athanasia D and Schluns, Kimberly S and others},
  journal={Immunity},
  volume={28},
  number={1},
  pages={29--39},
  year={2008},
  publisher={Elsevier}
}

@article{crome2009role,
  title={The role of retinoic acid-related orphan receptor variant 2 and IL-17 in the development and function of human CD4+ T cells},
  author={Crome, Sarah Q and Wang, Adele Y and Kang, Christine Y and Levings, Megan K},
  journal={European journal of immunology},
  volume={39},
  number={6},
  pages={1480--1493},
  year={2009},
  publisher={Wiley Online Library}
}

@article{chang2010vitamin,
  title={Vitamin D suppresses Th17 cytokine production by inducing C/EBP homologous protein (CHOP) expression},
  author={Chang, Seon Hee and Chung, Yeonseok and Dong, Chen},
  journal={Journal of Biological Chemistry},
  volume={285},
  number={50},
  pages={38751--38755},
  year={2010},
  publisher={ASBMB}
}

@article{wei200721,
  title={IL-21 is produced by Th17 cells and drives IL-17 production in a STAT3-dependent manner},
  author={Wei, Lai and Laurence, Arian and Elias, Kevin M and O'Shea, John J},
  journal={Journal of Biological Chemistry},
  volume={282},
  number={48},
  pages={34605--34610},
  year={2007},
  publisher={ASBMB}
}

@article{huang2008systematic,
  title={Systematic and integrative analysis of large gene lists using DAVID bioinformatics resources},
  author={Huang, Da Wei and Sherman, Brad T and Lempicki, Richard A},
  journal={Nature protocols},
  volume={4},
  number={1},
  pages={44--57},
  year={2008},
  publisher={Nature Publishing Group}
}

@article{zhu2008socs3,
  title={SOCS3 negatively regulates the gp130--STAT3 pathway in mouse skin wound healing},
  author={Zhu, Bing-Mei and Ishida, Yuko and Robinson, Gertraud W and Pacher-Zavisin, Margit and Yoshimura, Akihiko and Murphy, Philip M and Hennighausen, Lothar},
  journal={Journal of Investigative Dermatology},
  volume={128},
  number={7},
  pages={1821--1829},
  year={2008},
  publisher={Nature Publishing Group}
}

@article{qin2009tgf,
  title={TGF-$\beta$ promotes Th17 cell development through inhibition of SOCS3},
  author={Qin, Hongwei and Wang, Lanfang and Feng, Ting and Elson, Charles O and Niyongere, Sandrine A and Lee, Sun Jung and Reynolds, Stephanie L and Weaver, Casey T and Roarty, Kevin and Serra, Rosa and others},
  journal={The Journal of Immunology},
  volume={183},
  number={1},
  pages={97--105},
  year={2009},
  publisher={Am Assoc Immnol}
}

@article{schraml2009ap,
  title={The AP-1 transcription factor Batf controls TH17 differentiation},
  author={Schraml, Barbara U and Hildner, Kai and Ise, Wataru and Lee, Wan-Ling and Smith, Whitney A-E and Solomon, Ben and Sahota, Gurmukh and Sim, Julia and Mukasa, Ryuta and Cemerski, Saso and others},
  journal={Nature},
  volume={460},
  number={7253},
  pages={405--409},
  year={2009},
  publisher={Nature Publishing Group}
}

@article{keerthivasan2011notch,
  title={Notch signaling regulates mouse and human Th17 differentiation},
  author={Keerthivasan, Shilpa and Suleiman, Reem and Lawlor, Rebecca and Roderick, Justine and Bates, Tonya and Minter, Lisa and Anguita, Juan and Juncadella, Ignacio and Nickoloff, Brian J and Le Poole, I Caroline and others},
  journal={The Journal of Immunology},
  volume={187},
  number={2},
  pages={692--701},
  year={2011},
  publisher={Am Assoc Immnol}
}

@article{harris2007cutting,
  title={Cutting edge: An in vivo requirement for STAT3 signaling in TH17 development and TH17-dependent autoimmunity},
  author={Harris, Timothy J and Grosso, Joseph F and Yen, Hung-Rong and Xin, Hong and Kortylewski, Marcin and Albesiano, Emilia and Hipkiss, Edward L and Getnet, Derese and Goldberg, Monica V and Maris, Charles H and others},
  journal={The Journal of Immunology},
  volume={179},
  number={7},
  pages={4313--4317},
  year={2007},
  publisher={Am Assoc Immnol}
}

@inproceedings{mihail2003markov,
  title={The markov chain simulation method for generating connected power law random graphs},
  author={Mihail, Christos Gkantsidist Milena and Zegura, Ellen},
  booktitle={Proceedings of the Fifth Workshop on Algorithm Engineering and Experiments},
  volume={111},
  pages={16},
  year={2003},
  organization={SIAM}
}

@article{ciofani2012validated,
  title={A validated regulatory network for Th17 cell specification},
  author={Ciofani, Maria and Madar, Aviv and Galan, Carolina and Sellars, MacLean and Mace, Kieran and Pauli, Florencia and Agarwal, Ashish and Huang, Wendy and Parkurst, Christopher N and Muratet, Michael and others},
  journal={Cell},
  volume={151},
  number={2},
  pages={289--303},
  year={2012},
  publisher={Elsevier}
}

@article{pounds2003estimating,
  title={Estimating the occurrence of false positives and false negatives in microarray studies by approximating and partitioning the empirical distribution of p-values},
  author={Pounds, Stan and Morris, Stephan W},
  journal={Bioinformatics},
  volume={19},
  number={10},
  pages={1236--1242},
  year={2003},
  publisher={Oxford Univ Press}
}

@article{flicek2013ensembl,
  title={Ensembl 2013},
  author={Flicek, Paul and Ahmed, Ikhlak and Amode, M Ridwan and Barrell, Daniel and Beal, Kathryn and Brent, Simon and Carvalho-Silva, Denise and Clapham, Peter and Coates, Guy and Fairley, Susan and others},
  journal={Nucleic acids research},
  volume={41},
  number={D1},
  pages={D48--D55},
  year={2013},
  publisher={Oxford Univ Press}
}

@article{franceschini2013string,
  title={STRING v9. 1: protein-protein interaction networks, with increased coverage and integration},
  author={Franceschini, Andrea and Szklarczyk, Damian and Frankild, Sune and Kuhn, Michael and Simonovic, Milan and Roth, Alexander and Lin, Jianyi and Minguez, Pablo and Bork, Peer and von Mering, Christian and others},
  journal={Nucleic acids research},
  volume={41},
  number={D1},
  pages={D808--D815},
  year={2013},
  publisher={Oxford Univ Press}
}

@article{beisser2010bionet,
  title={BioNet: an R-Package for the functional analysis of biological networks},
  author={Beisser, Daniela and Klau, Gunnar W and Dandekar, Thomas and M{\"u}ller, Tobias and Dittrich, Marcus T},
  journal={Bioinformatics},
  volume={26},
  number={8},
  pages={1129--1130},
  year={2010},
  publisher={Oxford Univ Press}
}

@incollection{smyth2005limma,
  title={Limma: linear models for microarray data},
  author={Smyth, Gordon K},
  booktitle={Bioinformatics and computational biology solutions using R and Bioconductor},
  pages={397--420},
  year={2005},
  publisher={Springer}
}

@article{dunning2007beadarray,
  title={beadarray: R classes and methods for Illumina bead-based data},
  author={Dunning, Mark J and Smith, Mike L and Ritchie, Matthew E and Tavar{\'e}, Simon},
  journal={Bioinformatics},
  volume={23},
  number={16},
  pages={2183--2184},
  year={2007},
  publisher={Oxford Univ Press}
}

@article{yosef2013dynamic,
  title={Dynamic regulatory network controlling TH17 cell differentiation},
  author={Yosef, Nir and Shalek, Alex K and Gaublomme, Jellert T and Jin, Hulin and Lee, Youjin and Awasthi, Amit and Wu, Chuan and Karwacz, Katarzyna and Xiao, Sheng and Jorgolli, Marsela and others},
  journal={Nature},
  volume={496},
  number={7446},
  pages={461--468},
  year={2013},
  publisher={Nature Publishing Group}
}

@article{o2008differentiation,
  title={Differentiation of human TH-17 cells does require TGF-$\beta$!},
  author={O'Garra, Anne and Stockinger, Brigitta and Veldhoen, Marc},
  journal={Nature immunology},
  volume={9},
  number={6},
  pages={588--590},
  year={2008},
  publisher={Nature Publishing Group}
}

@article{mcgeachy2008th17,
  title={Th17 cell differentiation: the long and winding road},
  author={McGeachy, Mandy J and Cua, Daniel J},
  journal={Immunity},
  volume={28},
  number={4},
  pages={445--453},
  year={2008},
  publisher={Elsevier}
}

@article{annunziato2009human,
  title={Human Th17 cells: are they different from murine Th17 cells?},
  author={Annunziato, Francesco and Cosmi, Lorenzo and Liotta, Francesco and Maggi, Enrico and Romagnani, Sergio},
  journal={European journal of immunology},
  volume={39},
  number={3},
  pages={637--640},
  year={2009},
  publisher={Wiley Online Library}
}

@article{annunziato2009studies,
  title={Do studies in humans better depict Th17 cells?},
  author={Annunziato, Francesco and Romagnani, Sergio},
  journal={Blood},
  volume={114},
  number={11},
  pages={2213--2219},
  year={2009},
  publisher={Americain Society of Hematology}
}

@article{tuomela2012identification,
  title={Identification of early gene expression changes during human Th17 cell differentiation},
  author={Tuomela, Soile and Salo, Verna and Tripathi, Subhash K and Chen, Zhi and Laurila, Kirsti and Gupta, Bhawna and {\"A}ij{\"o}, Tarmo and Oikari, Lotta and Stockinger, Brigitta and L{\"a}hdesm{\"a}ki, Harri and others},
  journal={Blood},
  volume={119},
  number={23},
  pages={e151--e160},
  year={2012},
  publisher={Am Soc Hematology}
}

@article{steinman2007brief,
  title={A brief history of TH17, the first major revision in the TH1/TH2 hypothesis of T cell--mediated tissue damage},
  author={Steinman, Lawrence},
  journal={Nature medicine},
  volume={13},
  number={1},
  pages={139--145},
  year={2007},
  publisher={Nature Publishing Group}
}

@article{wilke2011deciphering,
  title={Deciphering the role of Th17 cells in human disease},
  author={Wilke, Cailin Moira and Bishop, Keith and Fox, David and Zou, Weiping},
  journal={Trends in immunology},
  volume={32},
  number={12},
  pages={603--611},
  year={2011},
  publisher={Elsevier}
}

@article{park2005distinct,
  title={A distinct lineage of CD4 T cells regulates tissue inflammation by producing interleukin 17},
  author={Park, Heon and Li, Zhaoxia and Yang, Xuexian O and Chang, Seon Hee and Nurieva, Roza and Wang, Yi-Hong and Wang, Ying and Hood, Leroy and Zhu, Zhou and Tian, Qiang and others},
  journal={Nature immunology},
  volume={6},
  number={11},
  pages={1133--1141},
  year={2005},
  publisher={Nature Publishing Group}
}

@article{stranger2012patterns,
  title={Patterns of Cis Regulatory Variation in Diverse Human Populations},
  author={Stranger, Barbara E and Montgomery, Stephen B and Dimas, Antigone S and Parts, Leopold and Stegle, Oliver and Ingle, Catherine E and Sekowska, Magda and Smith, George D and Evans, David and Gutierrez-Arcelus, Maria and others},
  journal={PLoS Genet},
  volume={8},
  number={4},
  pages={e1002639},
  year={2012},
  publisher={Public Library of Science}
}

@article{martin2014transcriptome,
  title={Transcriptome Sequencing from Diverse Human Populations Reveals Differentiated Regulatory Architecture.},
  author={Martin, Alicia R and Costa, Helio A and Lappalainen, Tuuli and Henn, Brenna M and Kidd, Jeffrey M and Yee, Muh-Ching and Grubert, Fabian and Cann, Howard M and Snyder, Michael and Montgomery, Stephen B and others},
  journal={PLoS Genetics},
  volume={10},
  number={8},
  year={2014}
}

@article{csermely2013structure,
  title={Structure and dynamics of molecular networks: a novel paradigm of drug discovery: a comprehensive review},
  author={Csermely, Peter and Korcsm{\'a}ros, Tam{\'a}s and Kiss, Huba JM and London, G{\'a}bor and Nussinov, Ruth},
  journal={Pharmacology \& therapeutics},
  volume={138},
  number={3},
  pages={333--408},
  year={2013},
  publisher={Elsevier}
}

@article{trapnell2013differential,
  title={Differential analysis of gene regulation at transcript resolution with RNA-seq},
  author={Trapnell, Cole and Hendrickson, David G and Sauvageau, Martin and Goff, Loyal and Rinn, John L and Pachter, Lior},
  journal={Nature biotechnology},
  volume={31},
  number={1},
  pages={46--53},
  year={2013},
  publisher={Nature Publishing Group}
}

@article{fu2009estimating,
  title={Estimating accuracy of RNA-Seq and microarrays with proteomics},
  author={Fu, Xing and Fu, Ning and Guo, Song and Yan, Zheng and Xu, Ying and Hu, Hao and Menzel, Corinna and Chen, Wei and Li, Yixue and Zeng, Rong and others},
  journal={BMC genomics},
  volume={10},
  number={1},
  pages={161},
  year={2009},
  publisher={BioMed Central Ltd}
}

@article{marioni2008rna,
  title={RNA-seq: an assessment of technical reproducibility and comparison with gene expression arrays},
  author={Marioni, John C and Mason, Christopher E and Mane, Shrikant M and Stephens, Matthew and Gilad, Yoav},
  journal={Genome research},
  volume={18},
  number={9},
  pages={1509--1517},
  year={2008},
  publisher={Cold Spring Harbor Lab}
}


@article{thiel2015systematic,
  title={A Systematic Evaluation of the Use of Physiologically Based Pharmacokinetic Modeling for Cross-Species Extrapolation},
  author={Thiel, Christoph and Schneckener, Sebastian and Krauss, Markus and Ghallab, Ahmed and Hofmann, Ute and Kanacher, Tobias and Zellmer, Sebastian and Gebhardt, Rolf and Hengstler, Jan G and Kuepfer, Lars},
  journal={Journal of pharmaceutical sciences},
  volume={104},
  number={1},
  pages={191--206},
  year={2015},
  publisher={Wiley Online Library}
}

@article{okyere2014cross,
  title={Cross-Species Gene Expression Analysis of Species Specific Differences in the Preclinical Assessment of Pharmaceutical Compounds},
  author={Okyere, John and Oppon, Ekow and Dzidzienyo, Daniel and Sharma, Lav and Ball, Graham},
  journal={PLoS One},
  volume={9},
  number={5},
  year={2014},
  publisher={Public Library of Science}
}

@article{schena1995quantitative,
  title={Quantitative monitoring of gene expression patterns with a complementary DNA microarray},
  author={Schena, Mark and Shalon, Dari and Davis, Ronald W and Brown, Patrick O},
  journal={Science},
  volume={270},
  number={5235},
  pages={467--470},
  year={1995},
  publisher={American Association for the Advancement of Science}
}

@article{chang1983binding,
  title={Binding of cells to matrixes of distinct antibodies coated on solid surface},
  author={Chang, Tse-Wen},
  journal={Journal of immunological methods},
  volume={65},
  number={1},
  pages={217--223},
  year={1983},
  publisher={Elsevier}
}

@misc{chang1986matrix,
  title={Matrix of antibody-coated spots for determination of antigens},
  author={Chang, T.W.},
  url={http://www.google.com/patents/US4591570},
  year={1986},
  month=may # "~27",
  publisher={Google Patents},
  note={US Patent 4,591,570}
}

@misc{chang1989immunoassay,
  title={Immunoassay device enclosing matrixes of antibody spots for cell determinations},
  author={Chang, T.W.},
  url={https://www.google.com/patents/US4829010},
  year={1989},
  month=may # "~9",
  publisher={Google Patents},
  note={US Patent 4,829,010}
}

@misc{chang1992antibody,
  title={Antibody matrix device and method for evaluating immune status},
  author={Chang, T.W.},
  url={https://www.google.com/patents/US5100777},
  year={1992},
  month=mar # "~31",
  publisher={Google Patents},
  note={US Patent 5,100,777}
}

@article{southern1975detection,
  title={Detection of specific sequences among DNA fragments separated by gel electrophoresis},
  author={Southern, Edwin Mellor},
  journal={Journal of molecular biology},
  volume={98},
  number={3},
  pages={503--517},
  year={1975},
  publisher={Elsevier}
}

@article{sorlie2001gene,
  title={Gene expression patterns of breast carcinomas distinguish tumor subclasses with clinical implications},
  author={Sorlie, Therese and Perou, Ch M and Tibshirani, R and Aas, T and Geisler, S and Johnsen, H and Hastie, T and Eisen, MB and Van de Rijn, M and Jeffrey, SS and others},
  journal={Proc Natl Acad Sci USA},
  volume={98},
  number={19},
  pages={10869--74},
  year={2001}
}

@article{perou2000molecular,
  title={Molecular portraits of human breast tumours},
  author={Perou, Charles M and S{\o}rlie, Therese and Eisen, Michael B and van de Rijn, Matt and Jeffrey, Stefanie S and Rees, Christian A and Pollack, Jonathan R and Ross, Douglas T and Johnsen, Hilde and Akslen, Lars A and others},
  journal={Nature},
  volume={406},
  number={6797},
  pages={747--752},
  year={2000},
  publisher={Nature Publishing Group}
}

@article{ross2000systematic,
  title={Systematic variation in gene expression patterns in human cancer cell lines},
  author={Ross, Douglas T and Scherf, Uwe and Eisen, Michael B and Perou, Charles M and Rees, Christian and Spellman, Paul and Iyer, Vishwanath and Jeffrey, Stefanie S and Van de Rijn, Matt and Waltham, Mark and others},
  journal={Nature genetics},
  volume={24},
  number={3},
  pages={227--235},
  year={2000},
  publisher={Nature Publishing Group}
}

@incollection{sealfon2011rna,
  title={RNA and DNA microarrays},
  author={Sealfon, Stuart C and Chu, Tearina T},
  booktitle={Biological Microarrays},
  pages={3--34},
  year={2011},
  publisher={Springer}
}

@article{altman2001whole,
  title={Whole-genome expression analysis: challenges beyond clustering},
  author={Altman, Russ B and Raychaudhuri, Soumya},
  journal={Current opinion in structural biology},
  volume={11},
  number={3},
  pages={340--347},
  year={2001},
  publisher={Elsevier}
}

@article{black2002calculation,
  title={Calculation of the minimum number of replicate spots required for detection of significant gene expression fold change in microarray experiments},
  author={Black, Michael A and Doerge, RW},
  journal={Bioinformatics},
  volume={18},
  number={12},
  pages={1609--1616},
  year={2002},
  publisher={Oxford Univ Press}
}

@article{smyth2005use,
  title={Use of within-array replicate spots for assessing differential expression in microarray experiments},
  author={Smyth, Gordon K and Michaud, Jo{\"e}lle and Scott, Hamish S},
  journal={Bioinformatics},
  volume={21},
  number={9},
  pages={2067--2075},
  year={2005},
  publisher={Oxford Univ Press}
}

@article{karun2015review,
  title={Review on image segmentation methods in cDNA microarray experiments and a novel algorithm for segmentation},
  author={Karun, Kalesh M and Binu, VS and Karun, Kala M and Prasad, Keerthana and Nair, NS and Manjunatha, K and Prasad, KM},
  journal={International Journal of Emerging Science and Engineering (IJESE)},
  volume={3},
  number={5},
  pages={23--24},
  year={2015},
  publisher={Blue Eyes Intelligence Engineering \& Sciences Publication Pvt. Ltd}
}

@article{wang2001quantitative,
  title={Quantitative quality control in microarray image processing and data acquisition},
  author={Wang, Xujing and Ghosh, Soumitra and Guo, Sun-Wei},
  journal={Nucleic Acids Research},
  volume={29},
  number={15},
  pages={e75--e75},
  year={2001},
  publisher={Oxford Univ Press}
}

@article{kreil2005tutorial,
  title={Tutorial section: There is no silver bullet -- a guide to low-level data transforms and normalisation methods for microarray data},
  author={Kreil, David P and Russell, Roslin R},
  journal={Briefings in bioinformatics},
  volume={6},
  number={1},
  pages={86--97},
  year={2005},
  publisher={Oxford Univ Press}
}

@article{steinhoff2006normalization,
  title={Normalization and quantification of differential expression in gene expression microarrays},
  author={Steinhoff, Christine and Vingron, Martin},
  journal={Briefings in bioinformatics},
  volume={7},
  number={2},
  pages={166--177},
  year={2006},
  publisher={Oxford Univ Press}
}

@article{vantveer2002gene,
  title={Gene expression profiling predicts clinical outcome of breast cancer},
  author={Van't Veer, Laura J and Dai, Hongyue and Van De Vijver, Marc J and He, Yudong D and Hart, Augustinus AM and Mao, Mao and Peterse, Hans L and van der Kooy, Karin and Marton, Matthew J and Witteveen, Anke T and others},
  journal={nature},
  volume={415},
  number={6871},
  pages={530--536},
  year={2002},
  publisher={Nature Publishing Group}
}

@article{vijver2002gene,
  title={A gene-expression signature as a predictor of survival in breast cancer},
  author={Van De Vijver, Marc J and He, Yudong D and van't Veer, Laura J and Dai, Hongyue and Hart, Augustinus AM and Voskuil, Dorien W and Schreiber, George J and Peterse, Johannes L and Roberts, Chris and Marton, Matthew J and others},
  journal={New England Journal of Medicine},
  volume={347},
  number={25},
  pages={1999--2009},
  year={2002},
  publisher={Mass Medical Soc}
}

@article{estevez2015gene,
  title={Gene expression profile predictive of response to chemotherapy in metastatic colorectal cancer.},
  author={Estevez-Garcia, Purificacion and Rivera, Fernando and Molina-Pinelo, Sonia and Benavent, Marta and G{\'o}mez, Javier and Lim{\'o}n, Maria Luisa and Pastor, Maria Dolores and Martinez-Perez, Julia and Paz-Ares, Luis and Carnero, Amancio and others},
  journal={Oncotarget},
  volume={6},
  number={8},
  pages={6151--6159},
  year={2015}
}

@article{booth2000application,
  title={Application of DNA array technology for diagnostic microbiology},
  author={Booth, Stephanie A and Drebot, Michael A and Tipples, Graham A and Ng, Lai King},
  journal={The Canadian Journal of Infectious Diseases},
  volume={11},
  number={6},
  pages={291},
  year={2000},
  publisher={Pulsus Group}
}

@incollection{maruyama2014gene,
  title={Gene expression profiling using DNA microarrays},
  author={Maruyama, Kyonoshin and Yamaguchi-Shinozaki, Kazuko and Shinozaki, Kazuo},
  booktitle={Arabidopsis Protocols},
  pages={381--391},
  year={2014},
  publisher={Springer}
}

@article{jiang2013protein,
  title={Protein--protein interaction and SNP analysis in intraductal papillary mucinous neoplasm},
  author={Jiang, Pu and Zang, Weidong and Wang, Lishan and Xu, Ying and Liu, Yang and Deng, Shi-xiong},
  journal={Gene},
  volume={513},
  number={1},
  pages={219--224},
  year={2013},
  publisher={Elsevier}
}

@article{golub1999molecular,
  title={Molecular classification of cancer: class discovery and class prediction by gene expression monitoring},
  author={Golub, Todd R and Slonim, Donna K and Tamayo, Pablo and Huard, Christine and Gaasenbeek, Michelle and Mesirov, Jill P and Coller, Hilary and Loh, Mignon L and Downing, James R and Caligiuri, Mark A and others},
  journal={Science},
  volume={286},
  number={5439},
  pages={531--537},
  year={1999},
  publisher={American Association for the Advancement of Science}
}

@article{mitra2013integrative,
  title={Integrative approaches for finding modular structure in biological networks},
  author={Mitra, Koyel and Carvunis, Anne-Ruxandra and Ramesh, Sanath Kumar and Ideker, Trey},
  journal={Nature Reviews Genetics},
  volume={14},
  number={10},
  pages={719--732},
  year={2013},
  publisher={Nature Publishing Group}
}

@article{noort2003predicting,
  title={Predicting gene function by conserved co-expression},
  author={van Noort, Vera and Snel, Berend and Huynen, Martijn A},
  journal={Trends in Genetics},
  volume={19},
  number={5},
  pages={238--242},
  year={2003},
  publisher={Elsevier}
}

@article{mccune2012using,
  title={Using genetic networks and homology to understand the evolution of phenotypic traits},
  author={McCune, Amy R and Schimenti, John C},
  journal={Current genomics},
  volume={13},
  number={1},
  pages={74},
  year={2012},
  publisher={Bentham Science Publishers}
}

@article{towfic2010detection,
  title={Detection of gene orthology from gene co-expression and protein interaction networks},
  author={Towfic, Fadi and VanderPIas, Susan and OIiver, Casey A and Couture, OIiver and TuggIe, Christopher K and GreenIee, M Heather West and Honavar, Vasant},
  journal={BMC bioinformatics},
  volume={11},
  number={Suppl 3},
  pages={S7},
  year={2010},
  publisher={BioMed Central Ltd}
}

@inproceedings{zhao2013inferring,
  title={Inferring regulatory networks through orthologous gene mapping},
  author={Zhao, Guoyi and Guo, Li and Gao, Lixin and Ma, Li-Jun},
  booktitle={Bioinformatics and Biomedicine (BIBM), 2013 IEEE International Conference on},
  pages={76--83},
  year={2013},
  organization={IEEE}
}

@article{penfold2015inferring,
  title={Inferring orthologous gene regulatory networks using interspecies data fusion},
  author={Penfold, Christopher A and Millar, Jonathan BA and Wild, David L},
  journal={Bioinformatics},
  volume={31},
  number={12},
  pages={i97--i105},
  year={2015},
  publisher={Oxford Univ Press}
}

@article{bandyopadhyay2006systematic,
  title={Systematic identification of functional orthologs based on protein network comparison},
  author={Bandyopadhyay, Sourav and Sharan, Roded and Ideker, Trey},
  journal={Genome research},
  volume={16},
  number={3},
  pages={428--435},
  year={2006},
  publisher={Cold Spring Harbor Lab}
}

@article{robinson2010edger,
  title={edgeR: a Bioconductor package for differential expression analysis of digital gene expression data},
  author={Robinson, Mark D and McCarthy, Davis J and Smyth, Gordon K},
  journal={Bioinformatics},
  volume={26},
  number={1},
  pages={139--140},
  year={2010},
  publisher={Oxford Univ Press}
}

@inproceedings{lu2009cross,
  title={Cross species expression analysis of innate immune response},
  author={Lu, Yong and Rosenfeld, Roni and Nau, Gerard J and Bar-Joseph, Ziv},
  booktitle={Research in Computational Molecular Biology},
  pages={90--107},
  year={2009},
  organization={Springer}
}

@article{kristiansson2013novel,
  title={A novel method for cross-species gene expression analysis},
  author={Kristiansson, Erik and {\"O}sterlund, Tobias and Gunnarsson, Lina and Arne, Gabriella and Larsson, DG Joakim and Nerman, Olle},
  journal={BMC bioinformatics},
  volume={14},
  number={1},
  pages={70},
  year={2013},
  publisher={BioMed Central Ltd}
}

@article{berthier2012cross,
  title={Cross-species transcriptional network analysis defines shared inflammatory responses in murine and human lupus nephritis},
  author={Berthier, Celine C and Bethunaickan, Ramalingam and Gonzalez-Rivera, Tania and Nair, Viji and Ramanujam, Meera and Zhang, Weijia and Bottinger, Erwin P and Segerer, Stephan and Lindenmeyer, Maja and Cohen, Clemens D and others},
  journal={The Journal of Immunology},
  volume={189},
  number={2},
  pages={988--1001},
  year={2012},
  publisher={Am Assoc Immnol}
}

@article{waltman2010multi,
  title={Multi-species integrative biclustering},
  author={Waltman, Peter and Kacmarczyk, Thadeous and Bate, Ashley R and Kearns, Daniel B and Reiss, David J and Eichenberger, Patrick and Bonneau, Richard},
  journal={Genome Biol},
  volume={11},
  number={9},
  pages={R96},
  year={2010}
}

@article{reiss2006integrated,
  title={Integrated biclustering of heterogeneous genome-wide datasets for the inference of global regulatory networks},
  author={Reiss, David J and Baliga, Nitin S and Bonneau, Richard},
  journal={BMC bioinformatics},
  volume={7},
  number={1},
  pages={280},
  year={2006},
  publisher={BioMed Central Ltd}
}

@article{reiss2015cmonkey2,
  title={cMonkey2: Automated, systematic, integrated detection of co-regulated gene modules for any organism},
  author={Reiss, David J and Plaisier, Christopher L and Wu, Wei-Ju and Baliga, Nitin S},
  journal={Nucleic acids research},
  pages={gkv300},
  year={2015},
  publisher={Oxford Univ Press}
}

@article{dede2014triclust,
  title={TriClust: A Tool for Cross-Species Analysis of Gene Regulation},
  author={Dede, Duygu and O{\u{g}}ul, Hasan},
  journal={Molecular Informatics},
  volume={33},
  number={5},
  pages={382--387},
  year={2014},
  publisher={Wiley Online Library}
}

@article{tatusov1997genomic,
  title={A genomic perspective on protein families},
  author={Tatusov, Roman L and Koonin, Eugene V and Lipman, David J},
  journal={Science},
  volume={278},
  number={5338},
  pages={631--637},
  year={1997},
  publisher={American Association for the Advancement of Science}
}

@article{obrien2005inparanoid,
  title={Inparanoid: a comprehensive database of eukaryotic orthologs},
  author={O'Brien, Kevin P and Remm, Maido and Sonnhammer, Erik LL},
  journal={Nucleic acids research},
  volume={33},
  number={suppl 1},
  pages={D476--D480},
  year={2005},
  publisher={Oxford Univ Press}
}

@article{deshpande2010scalable,
  title={A scalable approach for discovering conserved active subnetworks across species},
  author={Deshpande, Raamesh and Sharma, Shikha and Verfaillie, Catherine M and Hu, Wei-Shou and Myers, Chad L},
  journal={PLoS computational biology},
  volume={6},
  number={12},
  pages={e1001028},
  year={2010}
}

@article{zinman2015moduleblast,
  title={ModuleBlast: identifying activated sub-networks within and across species},
  author={Zinman, Guy E and Naiman, Shoshana and O'Dee, Dawn M and Kumar, Nishant and Nau, Gerard J and Cohen, Haim Y and Bar-Joseph, Ziv},
  journal={Nucleic acids research},
  volume={43},
  number={3},
  pages={e20--e20},
  year={2015},
  publisher={Oxford Univ Press}
}

@article{berson1956insulin,
  title={Insulin-I$^{131}$ metabolism in human subjects: demonstration of insulin binding globulin in the circulation of insulin treated subjects},
  author={Berson, Solomon A and Yalow, Rosalyn S and Bauman, Arthur and Rothschild, Marcus A and Newerly, Katharina},
  journal={Journal of Clinical Investigation},
  volume={35},
  number={2},
  pages={170},
  year={1956},
  publisher={American Society for Clinical Investigation}
}

@article{SJI:SJI21,
  author={Yalow, Rosalyn S},
  title={The Nobel lectures in immunology. The Nobel Prize for Physiology or Medicine, 1977 awarded to Rosalyn S. Yalow.},
  journal={Scandinavian Journal of Immunology},
  volume={35},
  number={1},
  publisher={Blackwell Publishing Ltd},
  pages={1--23},
  year={1992}
}

@article{tseng2012comprehensive,
  title={Comprehensive literature review and statistical considerations for microarray meta-analysis},
  author={Tseng, George C and Ghosh, Debashis and Feingold, Eleanor},
  journal={Nucleic acids research},
  pages={gkr1265},
  year={2012},
  publisher={Oxford Univ Press}
}

@article{campain2010comparison,
  title={Comparison study of microarray meta-analysis methods},
  author={Campain, Anna and Yang, Yee H},
  journal={BMC bioinformatics},
  volume={11},
  number={1},
  pages={408},
  year={2010},
  publisher={BioMed Central Ltd}
}

@article{hu2006statistical,
  title={Statistical methods for meta-analysis of microarray data: a comparative study},
  author={Hu, Pingzhao and Greenwood, Celia MT and Beyene, Joseph},
  journal={Information Systems Frontiers},
  volume={8},
  number={1},
  pages={9--20},
  year={2006},
  publisher={Springer}
}

@article{sharan2006modeling,
  title={Modeling cellular machinery through biological network comparison},
  author={Sharan, Roded and Ideker, Trey},
  journal={Nature biotechnology},
  volume={24},
  number={4},
  pages={427--433},
  year={2006},
  publisher={Nature Publishing Group}
}

@article{rhodes2005probabilistic,
  title={Probabilistic model of the human protein-protein interaction network},
  author={Rhodes, Daniel R and Tomlins, Scott A and Varambally, Sooryanarayana and Mahavisno, Vasudeva and Barrette, Terrence and Kalyana-Sundaram, Shanker and Ghosh, Debashis and Pandey, Akhilesh and Chinnaiyan, Arul M},
  journal={Nature biotechnology},
  volume={23},
  number={8},
  pages={951--959},
  year={2005},
  publisher={Nature Publishing Group}
}

@article{kelley2005systematic,
  title={Systematic interpretation of genetic interactions using protein networks},
  author={Kelley, Ryan and Ideker, Trey},
  journal={Nature biotechnology},
  volume={23},
  number={5},
  pages={561--566},
  year={2005},
  publisher={Nature Publishing Group}
}

@article{zhang2005biology,
  title={Motifs, themes and thematic maps of an integrated Saccharomyces cerevisiae interaction network},
  author={Zhang, Lan V and King, Oliver D and Wong, Sharyl L and Goldberg, Debra S and Tong, Amy HY and Lesage, Guillaume and Andrews, Brenda and Bussey, Howard and Boone, Charles and Roth, Frederick P},
  journal={Journal of biology},
  volume={4},
  number={2},
  pages={6},
  year={2005}
}
