@article{land1960automatic,
  title={An automatic method of solving discrete programming problems},
  author={Land, Ailsa H and Doig, Alison G},
  journal={Econometrica: Journal of the Econometric Society},
  pages={497--520},
  year={1960},
  publisher={JSTOR}
}

@article{little1963algorithm,
  title={An algorithm for the traveling salesman problem},
  author={Little, John DC and Murty, Katta G and Sweeney, Dura W and Karel, Caroline},
  journal={Operations research},
  volume={11},
  number={6},
  pages={972--989},
  year={1963},
  publisher={INFORMS}
}

@article{maier1978complexity,
  title={The complexity of some problems on subsequences and supersequences},
  author={Maier, David},
  journal={Journal of the ACM (JACM)},
  volume={25},
  number={2},
  pages={322--336},
  year={1978},
  publisher={ACM}
}

@article{raiha1981shortest,
  title={The shortest common supersequence problem over binary alphabet is NP-complete},
  author={R{\"a}ih{\"a}, Kari-Jouko and Ukkonen, Esko},
  journal={Theoretical Computer Science},
  volume={16},
  number={2},
  pages={187--198},
  year={1981},
  publisher={Elsevier}
}

@inproceedings{karmarkar1984new,
  title={A new polynomial-time algorithm for linear programming},
  author={Karmarkar, Narendra},
  booktitle={Proceedings of the sixteenth annual ACM symposium on Theory of computing},
  pages={302--311},
  year={1984},
  organization={ACM}
}

@techreport{klee1970good,
  title={How good is the simplex algorithm},
  author={Klee, Victor and Minty, George J},
  year={1970},
  institution={DTIC Document}
}

@article{khachiyan1980polynomial,
  title={Polynomial algorithms in linear programming},
  author={Khachiyan, Leonid G},
  journal={USSR Computational Mathematics and Mathematical Physics},
  volume={20},
  number={1},
  pages={53--72},
  year={1980},
  publisher={Elsevier}
}

@inproceedings{rekatsinas2015finding,
  title={Finding Quality in Quantity: The Challenge of Discovering Valuable Sources for Integration.},
  author={Rekatsinas, Theodoros and Dong, Xin Luna and Getoor, Lise and Srivastava, Divesh},
  booktitle={CIDR},
  year={2015}
}

@book{nesterov1994interior,
  title={Interior-point polynomial algorithms in convex programming},
  author={Nesterov, Yurii and Nemirovskii, Arkadii and Ye, Yinyu},
  volume={13},
  year={1994},
  publisher={SIAM}
}

@book{papadimitriou1982combinatorial,
  title={Combinatorial optimization: algorithms and complexity},
  author={Papadimitriou, Christos H and Steiglitz, Kenneth},
  year={1982},
  publisher={Courier Corporation}
}

@article{lenstra2002primality,
  title={Primality testing with Gaussian periods},
  author={Lenstra Jr, Hendrik W and Pomerance, Carl},
  journal={Lecture Notes in Computer Science},
  pages={1--1},
  year={2002},
  publisher={Springer-Verlag; 1999}
}

@book{williamson2011design,
  title={The design of approximation algorithms},
  author={Williamson, David P and Shmoys, David B},
  year={2011},
  publisher={Cambridge university press}
}

@inproceedings{karatsuba1963multiplication,
  title={Multiplication of multidigit numbers on automata},
  author={Karatsuba, Anatolii and Ofman, Yu},
  booktitle={Soviet physics doklady},
  volume={7},
  pages={595},
  year={1963}
}

@book{hromkovivc2013algorithmics,
  title={Algorithmics for hard problems: introduction to combinatorial optimization, randomization, approximation, and heuristics},
  author={Hromkovi{\v{c}}, Juraj},
  year={2013},
  publisher={Springer Science \& Business Media}
}

@book{papadimitriou2003computational,
  title={Computational complexity},
  author={Papadimitriou, Christos H},
  year={2003},
  publisher={John Wiley and Sons Ltd.}
}

@online{complexityzoo,
  author={Aaronson, Scott and Kuperberg, Greg and Granade, Christopher},
  title={Complexity Zoo},
  url={https://complexityzoo.uwaterloo.ca/Complexity_Zoo},
  urldate={2016-05-20}
}

@book{sipser2012introduction,
  title={Introduction to the Theory of Computation},
  author={Sipser, Michael},
  year={2012},
  publisher={Cengage Learning}
}

@book{jada1992introduction,
  title={An introduction to parallel algorithms},
  author={Jada, Joseph},
  year={1992},
  publisher={Addison Wesley}
}

@online{npcompendium,
  author={Crescenzi, Pierluigi and Kann, Viggo},
  title={A compendium of NP optimization problems},
  url={http://www.nada.kth.se/~viggo/problemlist/compendium.html},
  urldate={2016-05-17}
}

@misc{crescenzi1995compendium,
  title={A compendium of NP optimization problems},
  author={Crescenzi, Pierluigi and Kann, Viggo},
  year={1995}
}

@article{bienstock1993note,
  title={A note on the prize collecting traveling salesman problem},
  author={Bienstock, Daniel and Goemans, Michel X and Simchi-Levi, David and Williamson, David},
  journal={Mathematical programming},
  volume={59},
  number={1-3},
  pages={413--420},
  year={1993},
  publisher={Springer}
}

@article{goemans1997primal,
  title={The primal-dual method for approximation algorithms and its application to network design problems},
  author={Goemans, Michel X and Williamson, David P},
  journal={Approximation algorithms for NP-hard problems},
  pages={144--191},
  year={1997}
}

@article{goemans1995general,
  title={A general approximation technique for constrained forest problems},
  author={Goemans, Michel X and Williamson, David P},
  journal={SIAM Journal on Computing},
  volume={24},
  number={2},
  pages={296--317},
  year={1995},
  publisher={SIAM}
}

@inproceedings{ljubic2005solving,
  title={Solving the prize-collecting Steiner tree problem to optimality},
  author={Ljubi{\'c}, Ivana and Weiskircher, Ren{\'e} and Pferschy, Ulrich and Klau, Gunnar W and Mutzel, Petra and Fischetti, Matteo},
  booktitle={ALENEX/ANALCO},
  pages={68--76},
  year={2005}
}

@article{ljubic2006algorithmic,
  title={An algorithmic framework for the exact solution of the prize-collecting Steiner tree problem},
  author={Ljubi{\'c}, Ivana and Weiskircher, Ren{\'e} and Pferschy, Ulrich and Klau, Gunnar W and Mutzel, Petra and Fischetti, Matteo},
  journal={Mathematical Programming},
  volume={105},
  number={2-3},
  pages={427--449},
  year={2006},
  publisher={Springer}
}

@article{carvajal2013imposing,
  title={Imposing connectivity constraints in forest planning models},
  author={Carvajal, Rodolfo and Constantino, Miguel and Goycoolea, Marcos and Vielma, Juan Pablo and Weintraub, Andr{\'e}s},
  journal={Operations Research},
  volume={61},
  number={4},
  pages={824--836},
  year={2013},
  publisher={INFORMS}
}

@inproceedings{chen2012efficient,
  title={Efficient activity detection with max-subgraph search},
  author={Chen, Chao-Yeh and Grauman, Kristen},
  booktitle={Computer Vision and Pattern Recognition (CVPR), 2012 IEEE Conference on},
  pages={1274--1281},
  year={2012},
  organization={IEEE}
}

@article{el2014solving,
  title={Solving the Maximum-Weight Connected Subgraph Problem to Optimality},
  author={El-Kebir, Mohammed and Klau, Gunnar W},
  journal={arXiv preprint arXiv:1409.5308},
  year={2014}
}

@article{quintao2010k,
  title={The k-cardinality tree problem: reformulations and lagrangian relaxation},
  author={Quint{\~a}o, Frederico P and da Cunha, Alexandre Salles and Mateus, Geraldo R and Lucena, Abilio},
  journal={Discrete Applied Mathematics},
  volume={158},
  number={12},
  pages={1305--1314},
  year={2010},
  publisher={Elsevier}
}

@article{quintao2008integer,
  title={Integer programming formulations for the k-cardinality tree problem},
  author={Quint{\~a}o, Frederico P and da Cunha, Alexandre Salles and Mateus, Geraldo R},
  journal={Electronic Notes in Discrete Mathematics},
  volume={30},
  pages={225--230},
  year={2008},
  publisher={Elsevier}
}

@article{miller1960integer,
  title={Integer programming formulation of traveling salesman problems},
  author={Miller, Clair E and Tucker, Albert W and Zemlin, Richard A},
  journal={Journal of the ACM (JACM)},
  volume={7},
  number={4},
  pages={326--329},
  year={1960},
  publisher={ACM}
}

@phdthesis{polzin2003algorithms,
  title={Algorithms for the Steiner problem in networks},
  author={Polzin, Tobias},
  year={2003},
  school={Universit{\"a}tsbibliothek}
}

@article{lucena2004strong,
  title={Strong lower bounds for the prize collecting Steiner problem in graphs},
  author={Lucena, Abilio and Resende, Mauricio GC},
  journal={Discrete Applied Mathematics},
  volume={141},
  number={1},
  pages={277--294},
  year={2004},
  publisher={Elsevier}
}

@misc{cohen2010several,
  TITLE = {{Several Graph problems and their Linear Program formulations}},
  AUTHOR = {Cohen, Nathann},
  URL = {https://hal.inria.fr/inria-00504914},
  YEAR = {2010},
  MONTH = Jul,
  PDF = {https://hal.inria.fr/inria-00504914/file/LP_formulations.pdf},
  HAL_ID = {inria-00504914},
  HAL_VERSION = {v1},
}

@article{chimani2009obtaining,
  title={Obtaining optimal k-cardinality trees fast},
  author={Chimani, Markus and Kandyba, Maria and Ljubi{\'c}, Ivana and Mutzel, Petra},
  journal={Journal of Experimental Algorithmics (JEA)},
  volume={14},
  pages={5},
  year={2009},
  publisher={ACM}
}

@article{fischetti1994weighted,
  title={Weighted k-cardinality trees: Complexity and polyhedral structure},
  author={Fischetti, Matteo and Hamacher, Horst W and J{\o}rnsten, Kurt and Maffioli, Francesco},
  journal={Networks},
  volume={24},
  number={1},
  pages={11--21},
  year={1994},
  publisher={Wiley Online Library}
}

@article{althausalgorithms,
  title={Algorithms for the Maximum Weight Connected Subgraph and Prize-collecting Steiner Tree Problems},
  author={Althaus, Ernst and Blumenstock, Markus},
}

@incollection{althaus2014algorithms,
  title={Algorithms for the Maximum Weight Connected k-Induced Subgraph Problem},
  author={Althaus, Ernst and Blumenstock, Markus and Disterhoft, Alexej and Hildebrandt, Andreas and Krupp, Markus},
  booktitle={Combinatorial Optimization and Applications},
  pages={268--282},
  year={2014},
  publisher={Springer}
}

@book{meyers2014effective,
  title={Effective Modern C++: 42 Specific Ways to Improve Your Use of C++ 11 and C++ 14},
  author={Meyers, Scott},
  year={2014},
  publisher={O'Reilly Media, Inc.}
}

@article{el2015xheinz,
  title={xHeinz: An algorithm for mining cross-species network modules under a flexible conservation model},
  author={El-Kebir, Mohammed and Soueidan, Hayssam and Hume, Thomas and Beisser, Daniela and Dittrich, Marcus and M{\"u}ller, Tobias and Blin, Guillaume and Heringa, Jaap and Nikolski, Macha and Wessels, Lodewyk FA and others},
  journal={Bioinformatics},
  pages={btv316},
  year={2015},
  publisher={Oxford Univ Press}
}

@inproceedings{bateni2011prize,
  title={Prize-collecting Steiner problems on planar graphs},
  author={Bateni, M and Chekuri, Chandra and Ene, Alina and Hajiaghayi, Mohammad Taghi and Korula, Nitish and Marx, D{\'a}niel},
  booktitle={Proceedings of the twenty-second annual ACM-SIAM symposium on Discrete Algorithms},
  pages={1028--1049},
  year={2011},
  organization={SIAM}
}

@article{goldschmidt1994note,
  title={Note: On the set-union knapsack problem},
  author={Goldschmidt, Olivier and Nehme, David and Yu, Gang},
  journal={Naval Research Logistics (NRL)},
  volume={41},
  number={6},
  pages={833--842},
  year={1994},
  publisher={Wiley Online Library}
}

@book{hochbaum1996approximation,
  title={Approximation algorithms for NP-hard problems},
  author={Hochbaum, Dorit S},
  year={1996},
  publisher={PWS Publishing Co.}
}

@article{cohen2008generalized,
  title={The generalized maximum coverage problem},
  author={Cohen, Reuven and Katzir, Liran},
  journal={Information Processing Letters},
  volume={108},
  number={1},
  pages={15--22},
  year={2008},
  publisher={Elsevier}
}

@article{dezsHo2011lemon,
  title={LEMON -- an open source C++ graph template library},
  author={Dezs{\H{o}}, Bal{\'a}zs and J{\"u}ttner, Alp{\'a}r and Kov{\'a}cs, P{\'e}ter},
  journal={Electronic Notes in Theoretical Computer Science},
  volume={264},
  number={5},
  pages={23--45},
  year={2011},
  publisher={Elsevier}
}

@incollection{gomes2008connections,
  title={Connections in networks: A hybrid approach},
  author={Gomes, Carla P and Van Hoeve, Willem-Jan and Sabharwal, Ashish},
  booktitle={Integration of AI and OR Techniques in Constraint Programming for Combinatorial Optimization Problems},
  pages={303--307},
  year={2008},
  publisher={Springer}
}

@misc{hauptmann2014compendium,
  title={A compendium on steiner tree problems},
  author={Hauptmann, Mathias and Karpinski, Marek},
  year={2014}
}

@inproceedings{johnson2000prize,
  title={The prize collecting steiner tree problem: theory and practice},
  author={Johnson, David S and Minkoff, Maria and Phillips, Steven},
  booktitle={SODA},
  volume={1},
  number={0.6},
  pages={4},
  year={2000},
  organization={Citeseer}
}

@article{feigenbaum2000sharing,
  title={Sharing the cost of multicast transmissions},
  author={Feigenbaum, Joan and Papadimitriou, Christos and Shenker, Scott},
  journal={Journal of Computer and System Sciences},
  volume={63},
  number={1},
  pages={21--41},
  year={2001},
  publisher={Elsevier}
}

@inproceedings{camerini1979complexity,
  title={On the complexity of Steiner-like problems},
  author={Camerini, PM and Galbiati, G and Maffioli, F},
  booktitle={Proceedings 17th Ann. Allerton Conf. on Communication, Control, and Computing},
  pages={969--977},
  year={1979},
  organization={Department of Electrical Engineering and the Coordinated Science Laboratory, University of Illinois Urbana, Ill}
}

@book{karp1972reducibility,
  title={Reducibility among combinatorial problems},
  author={Karp, Richard M},
  year={1972},
  publisher={Springer}
}

@incollection{conrad2007connections,
  title={Connections in networks: Hardness of feasibility versus optimality},
  author={Conrad, Jon and Gomes, Carla P and van Hoeve, Willem-Jan and Sabharwal, Ashish and Suter, Jordan},
  booktitle={Integration of AI and OR Techniques in Constraint Programming for Combinatorial Optimization Problems},
  pages={16--28},
  year={2007},
  publisher={Springer}
}

@article{backes2012integer,
  title={An integer linear programming approach for finding deregulated subgraphs in regulatory networks},
  author={Backes, Christina and Rurainski, Alexander and Klau, Gunnar W and M{\"u}ller, Oliver and St{\"o}ckel, Daniel and Gerasch, Andreas and K{\"u}ntzer, Jan and Maisel, Daniela and Ludwig, Nicole and Hein, Matthias and others},
  journal={Nucleic acids research},
  volume={40},
  number={6},
  pages={e43--e43},
  year={2012},
  publisher={Oxford Univ Press}
}

@inproceedings{yamamoto2009better,
  title={Better decomposition heuristics for the maximum-weight connected graph problem using betweenness centrality},
  author={Yamamoto, Takanori and Bannai, Hideo and Nagasaki, Masao and Miyano, Satoru},
  booktitle={Discovery Science},
  pages={465--472},
  year={2009},
  organization={Springer}
}

@unpublished{vergis1983manuscript,
  author={Vergis, A},
  title={manuscript},
  year={1983}
}

@article{garey1979computers,
  title={Computers and intractability: a guide to the theory of NP-completeness},
  author={Garey, Michael R and Johnson, David S},
  journal={San Francisco, LA: Freeman},
  year={1979}
}

@article{hochbaum1994node,
  title={Node-optimal connected k-subgraphs},
  author={Hochbaum, Dorit S and Pathria, Anu},
  journal={manuscript, UC Berkeley},
  year={1994},
  publisher={Citeseer}
}

@article{lee1998decomposition,
  title={Decomposition algorithms for the maximum-weight connected graph problem},
  author={Lee, Heungsoon Felix and Dooly, Daniel R},
  journal={Naval Research Logistics},
  volume={45},
  number={8},
  pages={817--837},
  year={1998},
  publisher={Wiley Online Library}
}

@article{johnson1985np,
  title={The NP-completeness column: an ongoing guide},
  author={Johnson, David S},
  journal={Journal of Algorithms},
  volume={6},
  number={1},
  pages={145--159},
  year={1985},
  publisher={Elsevier}
}

@incollection{dilkina2010solving,
  title={Solving connected subgraph problems in wildlife conservation},
  author={Dilkina, Bistra and Gomes, Carla P},
  booktitle={Integration of AI and OR Techniques in Constraint Programming for Combinatorial Optimization Problems},
  pages={102--116},
  year={2010},
  publisher={Springer}
}

@article{magnanti1995optimal,
  title={Optimal trees},
  author={Magnanti, Thomas L and Wolsey, Laurence A},
  journal={Handbooks in operations research and management science},
  volume={7},
  pages={503--615},
  year={1995},
  publisher={Elsevier}
}

@article{szklarczyk2014string,
  title={STRING v10: protein--protein interaction networks, integrated over the tree of life},
  author={Szklarczyk, Damian and Franceschini, Andrea and Wyder, Stefan and Forslund, Kristoffer and Heller, Davide and Huerta-Cepas, Jaime and Simonovic, Milan and Roth, Alexander and Santos, Alberto and Tsafou, Kalliopi P and others},
  journal={Nucleic acids research},
  pages={gku1003},
  year={2014},
  publisher={Oxford Univ Press}
}

@article{ideker2002discovering,
  title={Discovering regulatory and signalling circuits in molecular interaction networks},
  author={Ideker, Trey and Ozier, Owen and Schwikowski, Benno and Siegel, Andrew F},
  journal={Bioinformatics},
  volume={18},
  number={suppl 1},
  pages={S233--S240},
  year={2002},
  publisher={Oxford Univ Press}
}

@article{dittrich2008identifying,
  title={Identifying functional modules in protein--protein interaction networks: an integrated exact approach},
  author={Dittrich, Marcus and Klau, Gunnar W and Rosenwald, Andreas and Dandekar, Thomas and M{\"u}ller, Tobias},
  journal={Bioinformatics},
  volume={24},
  number={13},
  pages={i223--i231},
  year={2008},
  publisher={Oxford Univ Press}
}

@incollection{alvarez2013rooted,
  title={The rooted maximum node-weight connected subgraph problem},
  author={{\'A}lvarez-Miranda, Eduardo and Ljubi{\'c}, Ivana and Mutzel, Petra},
  booktitle={Integration of AI and OR Techniques in Constraint Programming for Combinatorial Optimization Problems},
  pages={300--315},
  year={2013},
  publisher={Springer}
}

@incollection{alvarez2013maximum,
  title={The maximum weight connected subgraph problem},
  author={{\'A}lvarez-Miranda, Eduardo and Ljubi{\'c}, Ivana and Mutzel, Petra},
  booktitle={Facets of Combinatorial Optimization},
  pages={245--270},
  year={2013},
  publisher={Springer}
}

@article{papadimitriou1991optimization,
  title={Optimization, approximation, and complexity classes},
  author={Papadimitriou, Christos H and Yannakakis, Mihalis},
  journal={Journal of Computer and System Sciences},
  volume={43},
  number={3},
  pages={425--440},
  year={1991},
  publisher={Elsevier}
}

@book{berman1999some,
  title={On some tighter inapproximability results},
  author={Berman, Piotr and Karpinski, Marek},
  year={1999},
  publisher={Springer}
}

@incollection{hume2015approximation,
  title={Approximation Hardness of the Cross-Species Conserved Active Modules Detection Problem},
  author={Hume, Thomas and Soueidan, Hayssam and Nikolski, Macha and Blin, Guillaume},
  booktitle={SOFSEM 2015: Theory and Practice of Computer Science},
  pages={242--253},
  year={2015},
  publisher={Springer}
}

@article{boykov2004experimental,
  title={An experimental comparison of min-cut/max-flow algorithms for energy minimization in vision},
  author={Boykov, Yuri and Kolmogorov, Vladimir},
  journal={Pattern Analysis and Machine Intelligence, IEEE Transactions on},
  volume={26},
  number={9},
  pages={1124--1137},
  year={2004},
  publisher={IEEE}
}

@incollection{el2011lagrangian,
  title={Lagrangian relaxation applied to sparse global network alignment},
  author={El-Kebir, Mohammed and Heringa, Jaap and Klau, Gunnar W},
  booktitle={Pattern Recognition in Bioinformatics},
  pages={225--236},
  year={2011},
  publisher={Springer}
}

@article{rapaport2013comprehensive,
  title={Comprehensive evaluation of differential gene expression analysis methods for RNA-seq data},
  author={Rapaport, Franck and Khanin, Raya and Liang, Yupu and Pirun, Mono and Krek, Azra and Zumbo, Paul and Mason, Christopher E and Socci, Nicholas D and Betel, Doron},
  journal={Genome Biol},
  volume={14},
  number={9},
  pages={R95},
  year={2013}
}
@article{orchard2012protein,
  title={Protein interaction data curation: the International Molecular Exchange (IMEx) consortium},
  author={Orchard, Sandra and Kerrien, Samuel and Abbani, Sara and Aranda, Bruno and Bhate, Jignesh and Bidwell, Shelby and Bridge, Alan and Briganti, Leonardo and Brinkman, Fiona SL and Cesareni, Gianni and others},
  journal={Nature methods},
  volume={9},
  number={4},
  pages={345--350},
  year={2012},
  publisher={Nature Publishing Group}
}
