@article{szklarczyk2014string,
  title={STRING v10: protein--protein interaction networks, integrated over the tree of life},
  author={Szklarczyk, Damian and Franceschini, Andrea and Wyder, Stefan and Forslund, Kristoffer and Heller, Davide and Huerta-Cepas, Jaime and Simonovic, Milan and Roth, Alexander and Santos, Alberto and Tsafou, Kalliopi P and others},
  journal={Nucleic acids research},
  pages={gku1003},
  year={2014},
  publisher={Oxford Univ Press}
}

@article{ideker2002discovering,
  title={Discovering regulatory and signalling circuits in molecular interaction networks},
  author={Ideker, Trey and Ozier, Owen and Schwikowski, Benno and Siegel, Andrew F},
  journal={Bioinformatics},
  volume={18},
  number={suppl 1},
  pages={S233--S240},
  year={2002},
  publisher={Oxford Univ Press}
}

@article{dittrich2008identifying,
  title={Identifying functional modules in protein--protein interaction networks: an integrated exact approach},
  author={Dittrich, Marcus T and Klau, Gunnar W and Rosenwald, Andreas and Dandekar, Thomas and M{\"u}ller, Tobias},
  journal={Bioinformatics},
  volume={24},
  number={13},
  pages={i223--i231},
  year={2008},
  publisher={Oxford Univ Press}
}

@incollection{alvarez2013rooted,
  title={The rooted maximum node-weight connected subgraph problem},
  author={{\'A}lvarez-Miranda, Eduardo and Ljubi{\'c}, Ivana and Mutzel, Petra},
  booktitle={Integration of AI and OR Techniques in Constraint Programming for Combinatorial Optimization Problems},
  pages={300--315},
  year={2013},
  publisher={Springer}
}

@incollection{alvarez2013maximum,
  title={The maximum weight connected subgraph problem},
  author={{\'A}lvarez-Miranda, Eduardo and Ljubi{\'c}, Ivana and Mutzel, Petra},
  booktitle={Facets of Combinatorial Optimization},
  pages={245--270},
  year={2013},
  publisher={Springer}
}

@article{golub1999molecular,
  title={Molecular classification of cancer: class discovery and class prediction by gene expression monitoring},
  author={Golub, Todd R and Slonim, Donna K and Tamayo, Pablo and Huard, Christine and Gaasenbeek, Michelle and Mesirov, Jill P and Coller, Hilary and Loh, Mignon L and Downing, James R and Caligiuri, Mark A and others},
  journal={science},
  volume={286},
  number={5439},
  pages={531--537},
  year={1999},
  publisher={American Association for the Advancement of Science}
}

@article{mitra2013integrative,
  title={Integrative approaches for finding modular structure in biological networks},
  author={Mitra, Koyel and Carvunis, Anne-Ruxandra and Ramesh, Sanath Kumar and Ideker, Trey},
  journal={Nature Reviews Genetics},
  volume={14},
  number={10},
  pages={719--732},
  year={2013},
  publisher={Nature Publishing Group}
}

@article{van2003predicting,
  title={Predicting gene function by conserved co-expression},
  author={van Noort, Vera and Snel, Berend and Huynen, Martijn A},
  journal={TRENDS in Genetics},
  volume={19},
  number={5},
  pages={238--242},
  year={2003},
  publisher={Elsevier}
}
